<record><leader>00000cas a22000007a 4500</leader><controlfield tag="001">14067137</controlfield><controlfield tag="008">860808d19071907nvuwr ne      0    0eng d</controlfield><datafield ind1=" " ind2=" " tag="010"><subfield code="a">sn 86076357 </subfield></datafield><datafield ind1=" " ind2=" " tag="040"><subfield code="a">NNX</subfield><subfield code="b">eng</subfield><subfield code="c">NNX</subfield><subfield code="d">OCLCQ</subfield></datafield><datafield ind1=" " ind2=" " tag="042"><subfield code="a">msc</subfield></datafield><datafield ind1="0" ind2=" " tag="130"><subfield code="a">White Pine news weekly mining review (1907)</subfield></datafield><datafield ind1="1" ind2="4" tag="245"><subfield code="a">The White Pine news weekly mining review.</subfield></datafield><datafield ind1=" " ind2=" " tag="260"><subfield code="a">Ely, Nev. :</subfield><subfield code="b">White Pine News Pub., Co.,</subfield><subfield code="c">1907.</subfield></datafield><datafield ind1=" " ind2=" " tag="300"><subfield code="a">v. :</subfield><subfield code="b">ill.</subfield></datafield><datafield ind1=" " ind2=" " tag="310"><subfield code="a">Weekly</subfield></datafield><datafield ind1="0" ind2=" " tag="362"><subfield code="a">Vol. 40, no. 51 (Jan. 12, 1907)-39th year (Mar. 23, 1907).</subfield></datafield><datafield ind1=" " ind2=" " tag="515"><subfield code="a">Frequent variation in numbering.</subfield></datafield><datafield ind1=" " ind2=" " tag="580"><subfield code="a">Issued also in daily edition: White Pine news (Ely, Nev. : 1906).</subfield></datafield><datafield ind1=" " ind2=" " tag="752"><subfield code="a">United States</subfield><subfield code="b">Nevada</subfield><subfield code="c">White Pine</subfield><subfield code="d">Ely.</subfield></datafield><datafield ind1="1" ind2=" " tag="775"><subfield code="t">White Pine news (Ely, Nev. : 1906)</subfield><subfield code="w">(DLC)sn 86076249</subfield><subfield code="w">(OCoLC)13790203</subfield></datafield></record>